<?xml version='1.0' encoding='UTF-8'?>
<Document xmlns="urn:iso:std:iso:20022:tech:xsd:camt.053.001.08">
  <BkToCstmrStmt>
    <GrpHdr>
      <MsgId>STMT-ABCCOLTD-20260531-001</MsgId>
      <CreDtTm>2026-06-01T08:00:00</CreDtTm>
      <MsgRcpt>
        <Nm>ABC Co Ltd</Nm>
      </MsgRcpt>
    </GrpHdr>
    <Stmt>
      <Id>STMT-2026-05</Id>
      <ElctrncSeqNb>5</ElctrncSeqNb>
      <CreDtTm>2026-06-01T08:00:00</CreDtTm>
      <FrToDt>
        <FrDtTm>2026-05-01T00:00:00</FrDtTm>
        <ToDtTm>2026-05-31T23:59:59</ToDtTm>
      </FrToDt>
      <Acct>
        <Id>
          <Othr>
            <Id>123-4-56789-0</Id>
          </Othr>
        </Id>
        <Ccy>THB</Ccy>
        <Ownr>
          <Nm>ABC Co Ltd</Nm>
        </Ownr>
        <Svcr>
          <FinInstnId>
            <BICFI>BKKBTHBK</BICFI>
            <Nm>Bangkok Bank</Nm>
          </FinInstnId>
        </Svcr>
      </Acct>
      <Bal>
        <Tp><CdOrPrtry><Cd>OPBD</Cd></CdOrPrtry></Tp>
        <Amt Ccy="THB">1319720.00</Amt>
        <CdtDbtInd>CRDT</CdtDbtInd>
        <Dt><Dt>2026-05-01</Dt></Dt>
      </Bal>
      <Bal>
        <Tp><CdOrPrtry><Cd>CLBD</Cd></CdOrPrtry></Tp>
        <Amt Ccy="THB">1730050.00</Amt>
        <CdtDbtInd>CRDT</CdtDbtInd>
        <Dt><Dt>2026-05-31</Dt></Dt>
      </Bal>
      <TxsSummry>
        <TtlNtries>
          <NbOfNtries>19</NbOfNtries>
          <Sum>2733430.00</Sum>
        </TtlNtries>
        <TtlCdtNtries>
          <NbOfNtries>10</NbOfNtries>
          <Sum>1571880.00</Sum>
        </TtlCdtNtries>
        <TtlDbtNtries>
          <NbOfNtries>9</NbOfNtries>
          <Sum>1161550.00</Sum>
        </TtlDbtNtries>
      </TxsSummry>
      <Ntry>
        <NtryRef>NTRY001</NtryRef>
        <Amt Ccy="THB">185000.00</Amt>
        <CdtDbtInd>CRDT</CdtDbtInd>
        <Sts><Cd>BOOK</Cd></Sts>
        <BookgDt><Dt>2026-05-04</Dt></BookgDt>
        <ValDt><Dt>2026-05-04</Dt></ValDt>
        <BkTxCd>
          <Domn>
            <Cd>PMNT</Cd>
            <Fmly><Cd>RCDT</Cd><SubFmlyCd>ESCT</SubFmlyCd></Fmly>
          </Domn>
        </BkTxCd>
        <NtryDtls>
          <TxDtls>
            <Refs><EndToEndId>INV-2026-260</EndToEndId></Refs>
            <Amt Ccy="THB">185000.00</Amt>
            <CdtDbtInd>CRDT</CdtDbtInd>
            <RltdPties>
              <Dbtr><Pty><Nm>Central Department Store</Nm></Pty></Dbtr>
            </RltdPties>
            <RmtInf><Ustrd>Central Department Store - INV 260</Ustrd></RmtInf>
          </TxDtls>
        </NtryDtls>
      </Ntry>
      <Ntry>
        <NtryRef>NTRY002</NtryRef>
        <Amt Ccy="THB">142000.00</Amt>
        <CdtDbtInd>CRDT</CdtDbtInd>
        <Sts><Cd>BOOK</Cd></Sts>
        <BookgDt><Dt>2026-05-07</Dt></BookgDt>
        <ValDt><Dt>2026-05-07</Dt></ValDt>
        <BkTxCd>
          <Domn>
            <Cd>PMNT</Cd>
            <Fmly><Cd>RCDT</Cd><SubFmlyCd>ESCT</SubFmlyCd></Fmly>
          </Domn>
        </BkTxCd>
        <NtryDtls>
          <TxDtls>
            <Refs><EndToEndId>INV-2026-261</EndToEndId></Refs>
            <Amt Ccy="THB">142000.00</Amt>
            <CdtDbtInd>CRDT</CdtDbtInd>
            <RltdPties>
              <Dbtr><Pty><Nm>Bangkok Mall Co</Nm></Pty></Dbtr>
            </RltdPties>
            <RmtInf><Ustrd>Bangkok Mall Co - INV 261</Ustrd></RmtInf>
          </TxDtls>
        </NtryDtls>
      </Ntry>
      <Ntry>
        <NtryRef>NTRY003</NtryRef>
        <Amt Ccy="THB">168000.00</Amt>
        <CdtDbtInd>CRDT</CdtDbtInd>
        <Sts><Cd>BOOK</Cd></Sts>
        <BookgDt><Dt>2026-05-11</Dt></BookgDt>
        <ValDt><Dt>2026-05-11</Dt></ValDt>
        <BkTxCd>
          <Domn>
            <Cd>PMNT</Cd>
            <Fmly><Cd>RCDT</Cd><SubFmlyCd>ESCT</SubFmlyCd></Fmly>
          </Domn>
        </BkTxCd>
        <NtryDtls>
          <TxDtls>
            <Refs><EndToEndId>INV-2026-262</EndToEndId></Refs>
            <Amt Ccy="THB">168000.00</Amt>
            <CdtDbtInd>CRDT</CdtDbtInd>
            <RltdPties>
              <Dbtr><Pty><Nm>Siam Apparel Trading</Nm></Pty></Dbtr>
            </RltdPties>
            <RmtInf><Ustrd>Siam Apparel Trading - INV 262</Ustrd></RmtInf>
          </TxDtls>
        </NtryDtls>
      </Ntry>
      <Ntry>
        <NtryRef>NTRY004</NtryRef>
        <Amt Ccy="THB">95000.00</Amt>
        <CdtDbtInd>CRDT</CdtDbtInd>
        <Sts><Cd>BOOK</Cd></Sts>
        <BookgDt><Dt>2026-05-18</Dt></BookgDt>
        <ValDt><Dt>2026-05-18</Dt></ValDt>
        <BkTxCd>
          <Domn>
            <Cd>PMNT</Cd>
            <Fmly><Cd>RCDT</Cd><SubFmlyCd>ESCT</SubFmlyCd></Fmly>
          </Domn>
        </BkTxCd>
        <NtryDtls>
          <TxDtls>
            <Refs><EndToEndId>INV-2026-263</EndToEndId></Refs>
            <Amt Ccy="THB">95000.00</Amt>
            <CdtDbtInd>CRDT</CdtDbtInd>
            <RltdPties>
              <Dbtr><Pty><Nm>Chiang Mai Outlet</Nm></Pty></Dbtr>
            </RltdPties>
            <RmtInf><Ustrd>Chiang Mai Outlet - INV 263</Ustrd></RmtInf>
          </TxDtls>
        </NtryDtls>
      </Ntry>
      <Ntry>
        <NtryRef>NTRY005</NtryRef>
        <Amt Ccy="THB">110000.00</Amt>
        <CdtDbtInd>CRDT</CdtDbtInd>
        <Sts><Cd>BOOK</Cd></Sts>
        <BookgDt><Dt>2026-05-24</Dt></BookgDt>
        <ValDt><Dt>2026-05-24</Dt></ValDt>
        <BkTxCd>
          <Domn>
            <Cd>PMNT</Cd>
            <Fmly><Cd>RCDT</Cd><SubFmlyCd>ESCT</SubFmlyCd></Fmly>
          </Domn>
        </BkTxCd>
        <NtryDtls>
          <TxDtls>
            <Refs><EndToEndId>INV-2026-264</EndToEndId></Refs>
            <Amt Ccy="THB">110000.00</Amt>
            <CdtDbtInd>CRDT</CdtDbtInd>
            <RltdPties>
              <Dbtr><Pty><Nm>Phuket Surf Co</Nm></Pty></Dbtr>
            </RltdPties>
            <RmtInf><Ustrd>Phuket Surf Co - INV 264</Ustrd></RmtInf>
          </TxDtls>
        </NtryDtls>
      </Ntry>
      <Ntry>
        <NtryRef>NTRY006</NtryRef>
        <Amt Ccy="THB">295000.00</Amt>
        <CdtDbtInd>CRDT</CdtDbtInd>
        <Sts><Cd>BOOK</Cd></Sts>
        <BookgDt><Dt>2026-05-09</Dt></BookgDt>
        <ValDt><Dt>2026-05-09</Dt></ValDt>
        <BkTxCd>
          <Domn>
            <Cd>PMNT</Cd>
            <Fmly><Cd>RCDT</Cd><SubFmlyCd>XBCT</SubFmlyCd></Fmly>
          </Domn>
        </BkTxCd>
        <NtryDtls>
          <TxDtls>
            <Refs><EndToEndId>EXP-2026-100</EndToEndId></Refs>
            <Amt Ccy="THB">295000.00</Amt>
            <CdtDbtInd>CRDT</CdtDbtInd>
            <RltdPties>
              <Dbtr><Pty><Nm>Tokyo Apparel KK</Nm></Pty></Dbtr>
            </RltdPties>
            <RmtInf><Ustrd>Export Tokyo Apparel KK - INV EXP-100 (USD converted)</Ustrd></RmtInf>
          </TxDtls>
        </NtryDtls>
      </Ntry>
      <Ntry>
        <NtryRef>NTRY007</NtryRef>
        <Amt Ccy="THB">238000.00</Amt>
        <CdtDbtInd>CRDT</CdtDbtInd>
        <Sts><Cd>BOOK</Cd></Sts>
        <BookgDt><Dt>2026-05-21</Dt></BookgDt>
        <ValDt><Dt>2026-05-21</Dt></ValDt>
        <BkTxCd>
          <Domn>
            <Cd>PMNT</Cd>
            <Fmly><Cd>RCDT</Cd><SubFmlyCd>XBCT</SubFmlyCd></Fmly>
          </Domn>
        </BkTxCd>
        <NtryDtls>
          <TxDtls>
            <Refs><EndToEndId>EXP-2026-101</EndToEndId></Refs>
            <Amt Ccy="THB">238000.00</Amt>
            <CdtDbtInd>CRDT</CdtDbtInd>
            <RltdPties>
              <Dbtr><Pty><Nm>Sydney Streetwear</Nm></Pty></Dbtr>
            </RltdPties>
            <RmtInf><Ustrd>Export Sydney Streetwear - INV EXP-101 (USD converted)</Ustrd></RmtInf>
          </TxDtls>
        </NtryDtls>
      </Ntry>
      <Ntry>
        <NtryRef>NTRY008</NtryRef>
        <Amt Ccy="THB">165000.00</Amt>
        <CdtDbtInd>DBIT</CdtDbtInd>
        <Sts><Cd>BOOK</Cd></Sts>
        <BookgDt><Dt>2026-05-03</Dt></BookgDt>
        <ValDt><Dt>2026-05-03</Dt></ValDt>
        <BkTxCd>
          <Domn>
            <Cd>PMNT</Cd>
            <Fmly><Cd>ICDT</Cd><SubFmlyCd>ESCT</SubFmlyCd></Fmly>
          </Domn>
        </BkTxCd>
        <NtryDtls>
          <TxDtls>
            <Refs><EndToEndId>AP-440</EndToEndId></Refs>
            <Amt Ccy="THB">165000.00</Amt>
            <CdtDbtInd>DBIT</CdtDbtInd>
            <RltdPties>
              <Cdtr><Pty><Nm>Pathum Cotton Mills</Nm></Pty></Cdtr>
            </RltdPties>
            <RmtInf><Ustrd>Pathum Cotton Mills - PO 440</Ustrd></RmtInf>
          </TxDtls>
        </NtryDtls>
      </Ntry>
      <Ntry>
        <NtryRef>NTRY009</NtryRef>
        <Amt Ccy="THB">220000.00</Amt>
        <CdtDbtInd>DBIT</CdtDbtInd>
        <Sts><Cd>BOOK</Cd></Sts>
        <BookgDt><Dt>2026-05-10</Dt></BookgDt>
        <ValDt><Dt>2026-05-10</Dt></ValDt>
        <BkTxCd>
          <Domn>
            <Cd>PMNT</Cd>
            <Fmly><Cd>ICDT</Cd><SubFmlyCd>ESCT</SubFmlyCd></Fmly>
          </Domn>
        </BkTxCd>
        <NtryDtls>
          <TxDtls>
            <Refs><EndToEndId>AP-441</EndToEndId></Refs>
            <Amt Ccy="THB">220000.00</Amt>
            <CdtDbtInd>DBIT</CdtDbtInd>
            <RltdPties>
              <Cdtr><Pty><Nm>Samut Garment Factory</Nm></Pty></Cdtr>
            </RltdPties>
            <RmtInf><Ustrd>Samut Garment Factory - PO 441</Ustrd></RmtInf>
          </TxDtls>
        </NtryDtls>
      </Ntry>
      <Ntry>
        <NtryRef>NTRY010</NtryRef>
        <Amt Ccy="THB">138000.00</Amt>
        <CdtDbtInd>DBIT</CdtDbtInd>
        <Sts><Cd>BOOK</Cd></Sts>
        <BookgDt><Dt>2026-05-17</Dt></BookgDt>
        <ValDt><Dt>2026-05-17</Dt></ValDt>
        <BkTxCd>
          <Domn>
            <Cd>PMNT</Cd>
            <Fmly><Cd>ICDT</Cd><SubFmlyCd>ESCT</SubFmlyCd></Fmly>
          </Domn>
        </BkTxCd>
        <NtryDtls>
          <TxDtls>
            <Refs><EndToEndId>AP-442</EndToEndId></Refs>
            <Amt Ccy="THB">138000.00</Amt>
            <CdtDbtInd>DBIT</CdtDbtInd>
            <RltdPties>
              <Cdtr><Pty><Nm>Khon Kaen Textiles</Nm></Pty></Cdtr>
            </RltdPties>
            <RmtInf><Ustrd>Khon Kaen Textiles - PO 442</Ustrd></RmtInf>
          </TxDtls>
        </NtryDtls>
      </Ntry>
      <Ntry>
        <NtryRef>NTRY011</NtryRef>
        <Amt Ccy="THB">305000.00</Amt>
        <CdtDbtInd>DBIT</CdtDbtInd>
        <Sts><Cd>BOOK</Cd></Sts>
        <BookgDt><Dt>2026-05-13</Dt></BookgDt>
        <ValDt><Dt>2026-05-13</Dt></ValDt>
        <BkTxCd>
          <Domn>
            <Cd>PMNT</Cd>
            <Fmly><Cd>ICDT</Cd><SubFmlyCd>XBCT</SubFmlyCd></Fmly>
          </Domn>
        </BkTxCd>
        <NtryDtls>
          <TxDtls>
            <Refs><EndToEndId>IMP-2026-05</EndToEndId></Refs>
            <Amt Ccy="THB">305000.00</Amt>
            <CdtDbtInd>DBIT</CdtDbtInd>
            <RltdPties>
              <Cdtr><Pty><Nm>Shanghai Premium Textiles Co Ltd</Nm></Pty></Cdtr>
            </RltdPties>
            <RmtInf><Ustrd>Import payment USD 8,000 @ 35.6 - premium fabric</Ustrd></RmtInf>
          </TxDtls>
        </NtryDtls>
      </Ntry>
      <Ntry>
        <NtryRef>NTRY012</NtryRef>
        <Amt Ccy="THB">38500.00</Amt>
        <CdtDbtInd>CRDT</CdtDbtInd>
        <Sts><Cd>BOOK</Cd></Sts>
        <BookgDt><Dt>2026-05-22</Dt></BookgDt>
        <ValDt><Dt>2026-05-22</Dt></ValDt>
        <BkTxCd>
          <Domn>
            <Cd>PMNT</Cd>
            <Fmly><Cd>MCOP</Cd><SubFmlyCd>FCEX</SubFmlyCd></Fmly>
          </Domn>
        </BkTxCd>
        <NtryDtls>
          <TxDtls>
            <Refs><EndToEndId>FX-SELL-2026-05</EndToEndId></Refs>
            <Amt Ccy="THB">38500.00</Amt>
            <CdtDbtInd>CRDT</CdtDbtInd>
            <RltdPties>
              <Dbtr><Pty><Nm>FX Trading Desk</Nm></Pty></Dbtr>
            </RltdPties>
            <RmtInf><Ustrd>Sell USD 1,100 @ 35.0 spot</Ustrd></RmtInf>
          </TxDtls>
        </NtryDtls>
      </Ntry>
      <Ntry>
        <NtryRef>NTRY013</NtryRef>
        <Amt Ccy="THB">300000.00</Amt>
        <CdtDbtInd>CRDT</CdtDbtInd>
        <Sts><Cd>BOOK</Cd></Sts>
        <BookgDt><Dt>2026-05-02</Dt></BookgDt>
        <ValDt><Dt>2026-05-02</Dt></ValDt>
        <BkTxCd>
          <Domn>
            <Cd>PMNT</Cd>
            <Fmly><Cd>RCDT</Cd><SubFmlyCd>LBOX</SubFmlyCd></Fmly>
          </Domn>
        </BkTxCd>
        <NtryDtls>
          <TxDtls>
            <Refs><EndToEndId>LOAN-DRAW-2026-05</EndToEndId></Refs>
            <Amt Ccy="THB">300000.00</Amt>
            <CdtDbtInd>CRDT</CdtDbtInd>
            <RltdPties>
              <Dbtr><Pty><Nm>Bangkok Bank Loan Account</Nm></Pty></Dbtr>
            </RltdPties>
            <RmtInf><Ustrd>Short-term working capital loan drawdown 60 days</Ustrd></RmtInf>
          </TxDtls>
        </NtryDtls>
      </Ntry>
      <Ntry>
        <NtryRef>NTRY014</NtryRef>
        <Amt Ccy="THB">82000.00</Amt>
        <CdtDbtInd>DBIT</CdtDbtInd>
        <Sts><Cd>BOOK</Cd></Sts>
        <BookgDt><Dt>2026-05-15</Dt></BookgDt>
        <ValDt><Dt>2026-05-15</Dt></ValDt>
        <BkTxCd>
          <Domn>
            <Cd>PMNT</Cd>
            <Fmly><Cd>ICDT</Cd><SubFmlyCd>TAXS</SubFmlyCd></Fmly>
          </Domn>
        </BkTxCd>
        <NtryDtls>
          <TxDtls>
            <Refs><EndToEndId>VAT-2026-05</EndToEndId></Refs>
            <Amt Ccy="THB">82000.00</Amt>
            <CdtDbtInd>DBIT</CdtDbtInd>
            <RltdPties>
              <Cdtr><Pty><Nm>Revenue Department Thailand</Nm></Pty></Cdtr>
            </RltdPties>
            <RmtInf><Ustrd>VAT May 2026 (PP30)</Ustrd></RmtInf>
          </TxDtls>
        </NtryDtls>
      </Ntry>
      <Ntry>
        <NtryRef>NTRY015</NtryRef>
        <Amt Ccy="THB">185000.00</Amt>
        <CdtDbtInd>DBIT</CdtDbtInd>
        <Sts><Cd>BOOK</Cd></Sts>
        <BookgDt><Dt>2026-05-27</Dt></BookgDt>
        <ValDt><Dt>2026-05-27</Dt></ValDt>
        <BkTxCd>
          <Domn>
            <Cd>PMNT</Cd>
            <Fmly><Cd>ICDT</Cd><SubFmlyCd>SALA</SubFmlyCd></Fmly>
          </Domn>
        </BkTxCd>
        <NtryDtls>
          <TxDtls>
            <Refs><EndToEndId>PAYROLL-2026-05</EndToEndId></Refs>
            <Amt Ccy="THB">185000.00</Amt>
            <CdtDbtInd>DBIT</CdtDbtInd>
            <RmtInf><Ustrd>Salaries May 2026 batch</Ustrd></RmtInf>
          </TxDtls>
        </NtryDtls>
      </Ntry>
      <Ntry>
        <NtryRef>NTRY016</NtryRef>
        <Amt Ccy="THB">65000.00</Amt>
        <CdtDbtInd>DBIT</CdtDbtInd>
        <Sts><Cd>BOOK</Cd></Sts>
        <BookgDt><Dt>2026-05-01</Dt></BookgDt>
        <ValDt><Dt>2026-05-01</Dt></ValDt>
        <BkTxCd>
          <Domn>
            <Cd>PMNT</Cd>
            <Fmly><Cd>ICDT</Cd><SubFmlyCd>ESCT</SubFmlyCd></Fmly>
          </Domn>
        </BkTxCd>
        <NtryDtls>
          <TxDtls>
            <Refs><EndToEndId>RNT-2026-05</EndToEndId></Refs>
            <Amt Ccy="THB">65000.00</Amt>
            <CdtDbtInd>DBIT</CdtDbtInd>
            <RltdPties>
              <Cdtr><Pty><Nm>Bangkok Office Park Co</Nm></Pty></Cdtr>
            </RltdPties>
            <RmtInf><Ustrd>Office rent May 2026</Ustrd></RmtInf>
          </TxDtls>
        </NtryDtls>
      </Ntry>
      <Ntry>
        <NtryRef>NTRY017</NtryRef>
        <Amt Ccy="THB">1200.00</Amt>
        <CdtDbtInd>DBIT</CdtDbtInd>
        <Sts><Cd>BOOK</Cd></Sts>
        <BookgDt><Dt>2026-05-30</Dt></BookgDt>
        <ValDt><Dt>2026-05-30</Dt></ValDt>
        <BkTxCd>
          <Domn>
            <Cd>ACMT</Cd>
            <Fmly><Cd>MDOP</Cd><SubFmlyCd>CHRG</SubFmlyCd></Fmly>
          </Domn>
        </BkTxCd>
        <NtryDtls>
          <TxDtls>
            <Amt Ccy="THB">1200.00</Amt>
            <CdtDbtInd>DBIT</CdtDbtInd>
            <RmtInf><Ustrd>International wire transfer fees May</Ustrd></RmtInf>
          </TxDtls>
        </NtryDtls>
      </Ntry>
      <Ntry>
        <NtryRef>NTRY018</NtryRef>
        <Amt Ccy="THB">350.00</Amt>
        <CdtDbtInd>DBIT</CdtDbtInd>
        <Sts><Cd>BOOK</Cd></Sts>
        <BookgDt><Dt>2026-05-31</Dt></BookgDt>
        <ValDt><Dt>2026-05-31</Dt></ValDt>
        <BkTxCd>
          <Domn>
            <Cd>ACMT</Cd>
            <Fmly><Cd>MDOP</Cd><SubFmlyCd>CHRG</SubFmlyCd></Fmly>
          </Domn>
        </BkTxCd>
        <NtryDtls>
          <TxDtls>
            <Amt Ccy="THB">350.00</Amt>
            <CdtDbtInd>DBIT</CdtDbtInd>
            <RmtInf><Ustrd>Account maintenance fee May</Ustrd></RmtInf>
          </TxDtls>
        </NtryDtls>
      </Ntry>
      <Ntry>
        <NtryRef>NTRY019</NtryRef>
        <Amt Ccy="THB">380.00</Amt>
        <CdtDbtInd>CRDT</CdtDbtInd>
        <Sts><Cd>BOOK</Cd></Sts>
        <BookgDt><Dt>2026-05-31</Dt></BookgDt>
        <ValDt><Dt>2026-05-31</Dt></ValDt>
        <BkTxCd>
          <Domn>
            <Cd>ACMT</Cd>
            <Fmly><Cd>MDOP</Cd><SubFmlyCd>INTR</SubFmlyCd></Fmly>
          </Domn>
        </BkTxCd>
        <NtryDtls>
          <TxDtls>
            <Amt Ccy="THB">380.00</Amt>
            <CdtDbtInd>CRDT</CdtDbtInd>
            <RmtInf><Ustrd>Credit interest May 2026</Ustrd></RmtInf>
          </TxDtls>
        </NtryDtls>
      </Ntry>
    </Stmt>
  </BkToCstmrStmt>
</Document>